<record xmlns="http://www.loc.gov/MARC21/slim" xmlns:xsi="http://www.w3.org/2001/XMLSchema-instance" xsi:schemaLocation="http://www.loc.gov/MARC21/slim http://www.loc.gov/standards/marcxml/schema/MARC21slim.xsd"><leader>00756cz   2200217n  4500</leader><controlfield tag="001">oca00294001 </controlfield><controlfield tag="005">20000814143000.0</controlfield><controlfield tag="008">790730n| acannaabn          |a aaa      </controlfield><datafield ind1=" " ind2=" " tag="010"><subfield code="a">n  79060980 </subfield></datafield><datafield ind1=" " ind2=" " tag="040"><subfield code="a">DLC</subfield><subfield code="b">eng</subfield><subfield code="c">DLC</subfield><subfield code="d">DLC</subfield><subfield code="d">OCoLC</subfield></datafield><datafield ind1="0" ind2=" " tag="100"><subfield code="a">Persius</subfield></datafield><datafield ind1="1" ind2=" " tag="400"><subfield code="a">Persjusz Flakkus, Aulus</subfield></datafield><datafield ind1="0" ind2=" " tag="400"><subfield code="a">Perse</subfield></datafield><datafield ind1="1" ind2=" " tag="400"><subfield code="a">Persius Flaccus, Aulus</subfield><subfield code="w">nna</subfield></datafield><datafield ind1="1" ind2=" " tag="400"><subfield code="a">Flaccus, Aulus Persius</subfield></datafield><datafield ind1="1" ind2=" " tag="400"><subfield code="a">Persius, Paulus Flaccus</subfield></datafield><datafield ind1="0" ind2=" " tag="400"><subfield code="a">Persio</subfield></datafield><datafield ind1="0" ind2=" " tag="400"><subfield code="a">Aulus Persius Flaccus Volateris</subfield></datafield><datafield ind1=" " ind2=" " tag="670"><subfield code="a">His Satirae, 1482.</subfield></datafield><datafield ind1=" " ind2=" " tag="670"><subfield code="a">His Pauli Flacci Persii, poetae, Satyrarum opus, 1494, i.e. 1495:</subfield><subfield code="b">t.p. (Pauli Flacci Persii, poetae ...)</subfield></datafield><datafield ind1=" " ind2=" " tag="670"><subfield code="a">Il commento a Persio dell'umanista Raffaele Regio, c1997:</subfield><subfield code="b">p. 31 (Aulus Persius Flaccus Volateris)</subfield></datafield></record>